<?xml version="1.0" encoding="UTF-8"?><collection xmlns="http://www.loc.gov/MARC21/slim"><record><leader>00489nam--2200169-i-4500</leader><controlfield tag="001">000015072</controlfield><controlfield tag="002">20161230</controlfield><controlfield tag="005">20161230201031</controlfield><controlfield tag="008">060222s1000------------r-----000-0-eng-d</controlfield><datafield ind1=" " ind2=" " tag="040"><subfield code="a">IFIN-HH</subfield></datafield><datafield ind1=" " ind2=" " tag="080"><subfield code="a">802.0(023)</subfield></datafield><datafield ind1="1" ind2=" " tag="100"><subfield code="a">Lipatti, Valentin</subfield></datafield><datafield ind1="1" ind2="0" tag="245"><subfield code="a">Lectii de limba franceza prin radio</subfield><subfield code="b">Curs pentru incepatori ciclul i (lectiile 1-50)</subfield><subfield code="c">Valentin lipatti</subfield></datafield><datafield ind1=" " ind2=" " tag="260"><subfield code="a">Bucuresti</subfield><subfield code="b">Editura Stiintifica</subfield><subfield code="c">1963</subfield></datafield><datafield ind1=" " ind2=" " tag="300"><subfield code="a">72P</subfield></datafield><datafield ind1=" " ind2=" " tag="852"><subfield code="a">80643</subfield><subfield code="c">4</subfield></datafield><datafield ind1=" " ind2=" " tag="CAT"><subfield code="a">Sys</subfield><subfield code="c">20130206</subfield><subfield code="h">171220</subfield></datafield></record></collection>